@book{Aho:72,
    author  = {Alfred V. Aho and Jeffrey D. Ullman},
    title   = {The Theory of Parsing, Translation and Compiling},
    year    = "1972",
    volume  = "1",
    publisher = {Prentice-Hall},
    address = {Englewood Cliffs, NJ}
}

@book{APA:83,
    author  = {{American Psychological Association}},
    title   = {Publications Manual},
    year    = "1983",
   publisher = {American Psychological Association},
   address = {Washington, DC}
}

@article{Chandra:81,
	author = {Ashok K. Chandra and Dexter C. Kozen and Larry J. Stockmeyer},
	year = "1981",
	title = {Alternation},
	journal = {Journal of the Association for Computing Machinery},
	volume = "28",
	number = "1",
	pages = "114--133",
	doi = "10.1145/322234.322243",
}

@inproceedings{andrew2007scalable,
  title={Scalable training of {L1}-regularized log-linear models},
  author={Andrew, Galen and Gao, Jianfeng},
  booktitle={Proceedings of the 24th International Conference on Machine Learning},
  pages={33--40},
  year={2007},
}

@book{Gusfield:97,
    author  = {Dan Gusfield},
    title   = {Algorithms on Strings, Trees and Sequences},
    year    = "1997",
    publisher = {Cambridge University Press},
    address = {Cambridge, UK}
}

@article{rasooli-tetrault-2015,
    author    = {Mohammad Sadegh Rasooli and Joel R. Tetreault},
    title     = {Yara Parser: {A} Fast and Accurate Dependency Parser},
    journal   = {Computing Research Repository},
    volume    = {arXiv:1503.06733},
    year      = {2015},
    url       = {http://arxiv.org/abs/1503.06733},
    note    = {version 2}
}

@article{Ando2005,
	Acmid = {1194905},
	Author = {Ando, Rie Kubota and Zhang, Tong},
	Issn = {1532-4435},
	Journal = {Journal of Machine Learning Research},
	Month = dec,
	Numpages = {37},
	Pages = {1817--1853},
	Publisher = {JMLR.org},
	Title = {A Framework for Learning Predictive Structures from Multiple Tasks and Unlabeled Data},
	Volume = {6},
	Year = {2005}}

@article{Walton:20, title={Rising prevalence of multiple sclerosis worldwide: Insights from the Atlas of MS, third edition}, volume={26}, DOI={10.1177/1352458520970841}, number={14}, journal={Multiple Sclerosis Journal}, author={Walton, Clare and King, Rachel and Rechtman, Lindsay and Kaye, Wendy and Leray, Emmanuelle and Marrie, Ruth Ann and Robertson, Neil and La Rocca, Nicholas and Uitdehaag, Bernard and van der Mei, Ingrid and Wallin, Mitchell and Helme, Anne and Angood Napier, Ceri and Rijke, Nick and Baneke, Peer}, year={2020}, month={Nov}, pages={1816–1821}}

@article{Bebo:22, title={Pathways to cures for multiple sclerosis: A research roadmap}, volume={28}, DOI={10.1177/13524585221075990}, number={3}, journal={Multiple Sclerosis Journal}, author={Bebo, Bruce F and Allegretta, Mark and Landsman, Douglas and Zackowski, Kathy M and Brabazon, Fiona and Kostich, Walter A and Coetzee, Timothy and Ng, Alexander Victor and Marrie, Ruth Ann and Monk, Kelly R and Bar-Or, Amit and Whitacre, Caroline C}, year={2022}, month={Mar}, pages={331–345} }

@article{Omerhoca:18, title={Multiple sclerosis: Diagnosis and Differrential Diagnosis}, volume={55}, DOI={10.29399/npa.23418}, number={1}, journal={Archives of Neuropsychiatry}, author={Omerhoca, Sami and Yazici Akkas, Sinem and Kale Icen, Nilufer}, year={2018} }

@article{Ghasemi:17, title={Multiple Sclerosis: Pathogenesis, Symptoms, Diagnoses and Cell-Based Therapy}, volume={19}, DOI={10.22074/cellj.2016.4867}, number={1}, journal={Cell journal}, publisher={Royan Institute}, author={Ghasemi, Nazem and Razavi, Shahnaz and Nikzad, Elham}, year={2017}, pages={1–10} }

@article{Swartz:17, title={Creation of a simple natural language processing tool to support an imaging utilization quality dashboard}, volume={101}, DOI={10.1016/j.ijmedinf.2017.02.011}, number={1}, journal={International Journal of Medical Informatics}, author={Swartz, Jordan and Koziatek, Christian and Theobald, Jason and Smith, Silas and Iturrate, Eduardo}, year={2017}, month={May}, pages={93–99} }

@article{Kolanu:20, title={OR29-02 Natural Language Processing of Radiology Reports Improves Identification of Patients with Fracture}, volume={4}, DOI={10.1210/jendso/bvaa046.1619}, number={1}, journal={Journal of the Endocrine Society}, author={Kolanu, Nithin and Brown, A Shane and Beech, Amanda and Center, Jacqueline and White, Christopher Patrick}, year={2020}, month={Apr} }

@article{Liang:19, title={Evaluation and accurate diagnoses of pediatric diseases using artificial intelligence}, volume={25}, url={https://www.nature.com/articles/s41591-018-0335-9}, DOI={10.1038/s41591-018-0335-9}, number={3}, journal={Nature Medicine}, author={Liang, Huiying and Tsui, Brian Y. and Ni, Hao and Valentim, Carolina C. S. and Baxter, Sally L. and Liu, Guangjian and Cai, Wenjia and Kermany, Daniel S. and Sun, Xin and Chen, Jiancong and He, Liya and Zhu, Jie and Tian, Pin and Shao, Hua and Zheng, Lianghong and Hou, Rui and Hewett, Sierra and Li, Gen and Liang, Ping and Zang, Xuan}, year={2019}, month={Feb}, pages={433–438} }

@article{Coppersmith:14, title={Quantifying Mental Health Signals in Twitter}, url={https://www.aclweb.org/anthology/W14-3207/}, DOI={10.3115/v1/w14-3207}, journal={Proceedings of the Workshop on Computational Linguistics and Clinical Psychology: From Linguistic Signal to Clinical Reality}, author={Coppersmith, Glen and Dredze, Mark and Harman, Craig}, year={2014}, pages={51–60}, volume={1}, number={1}}

@article{Yang:19, title={Information Extraction from Electronic Medical Records Using Multitask Recurrent Neural Network with Contextual Word Embedding}, volume={9}, DOI={10.3390/app9183658}, number={18}, journal={Applied Sciences}, author={Yang, Jianliang and Liu, Yuenan and Qian, Minghui and Guan, Chenghua and Yuan, Xiangfei}, year={2019}, month={Sep}, pages={3658} }

@article{Chase:17, title={Early recognition of multiple sclerosis using natural language processing of the electronic health record}, volume={17}, DOI={10.1186/s12911-017-0418-4}, number={1}, journal={BMC Medical Informatics and Decision Making}, author={Chase, Herbert S. and Mitrani, Lindsey R. and Lu, Gabriel G. and Fulgieri, Dominick J.}, year={2017}, month={Feb} }

@article{Koss;Joschko:22, title={Social Media Mining in Drug Development Decision Making: Prioritizing Multiple Sclerosis Patients’ Unmet Medical Needs}, url={https://scholarspace.manoa.hawaii.edu/items/048c55db-dec7-46eb-a4cf-733d60acc90e}, journal={Proceedings of the 55th Hawaii International Conference on System Sciences}, author={Koss, Jonathan and Bohnet-Joschko, Sabine}, year={2022}, month={Jan} }

@article{Schwab;Karlen:21, title={A Deep Learning Approach to Diagnosing Multiple Sclerosis from Smartphone Data}, volume={25}, DOI={10.1109/jbhi.2020.3021143}, number={4}, journal={IEEE Journal of Biomedical and Health Informatics}, author={Schwab, Patrick and Karlen, Walter}, year={2021}, month={Apr}, pages={1284–1291} }

@misc{GDBR:16, title={General Data Protection Regulation (GDPR)}, url={https://gdpr-info.eu/}, journal={General Data Protection Regulation (GDPR)}, author={GDPR}, year={2016} }

@article{Gustavsen:21, title={The association of selected multiple sclerosis symptoms with disability and quality of life: a large Danish self-report survey}, volume={21}, DOI={10.1186/s12883-021-02344-z}, number={1}, journal={BMC Neurology}, author={Gustavsen, S. and Olsson, A. and Søndergaard, H. B. and Andresen, S. R. and Sørensen, P. S. and Sellebjerg, F. and Oturai, A.}, year={2021}, month={Aug} }

@article{Ramachandran:14, title={Know the signs and symptoms of diabetes}, volume={140}, url={https://www.ncbi.nlm.nih.gov/pmc/articles/PMC4311308/}, number={5}, journal={The Indian journal of medical research}, publisher={Medknow Publications & Media Pvt Ltd}, author={Ramachandran, A}, year={2014}, month={Nov}, pages={579–81} }

@article{Ford:12, title={The feasibility of collecting information from people with Multiple Sclerosis for the UK MS Register via a web portal: characterising a cohort of people with MS}, volume={12}, url={https://www.ncbi.nlm.nih.gov/pmc/articles/PMC3444329/}, DOI={10.1186/1472-6947-12-73}, number={1}, journal={BMC Medical Informatics and Decision Making}, author={Ford, David V and Jones, Kerina H and Middleton, Rod M and Lockhart-Jones, Hazel and Maramba, Inocencio DC and Noble, Gareth J and Osborne, Lisa A and Lyons, Ronan A}, year={2012}, month={Jul}, pages={73} }

@misc{Mikolav:13,
  doi = {10.48550/ARXIV.1301.3781},
  url = {https://arxiv.org/abs/1301.3781},
  author = {Mikolov, Tomas and Chen, Kai and Corrado, Greg and Dean, Jeffrey},
  keywords = {Computation and Language (cs.CL), FOS: Computer and information sciences, FOS: Computer and information sciences},
  title = {Efficient Estimation of Word Representations in Vector Space},
  publisher = {arXiv},
  year = {2013},
  copyright = {arXiv.org perpetual, non-exclusive license}
}

@misc{Cohan:18,
  doi = {10.48550/ARXIV.1806.05258},
  url = {https://arxiv.org/abs/1806.05258},
  author = {Cohan, Arman and Desmet, Bart and Yates, Andrew and Soldaini, Luca and MacAvaney, Sean and Goharian, Nazli},
  keywords = {Computation and Language (cs.CL), FOS: Computer and information sciences, FOS: Computer and information sciences},
  title = {SMHD: A Large-Scale Resource for Exploring Online Language Usage for Multiple Mental Health Conditions},
  publisher = {arXiv},
  year = {2018},
  copyright = {Creative Commons Attribution 4.0 International}
}
